<record xmlns="http://www.loc.gov/MARC21/slim" xmlns:xsi="http://www.w3.org/2001/XMLSchema-instance" xsi:schemaLocation="http://www.loc.gov/MARC21/slim http://www.loc.gov/standards/marcxml/schema/MARC21slim.xsd"><leader>01044cz   2200217n  4500</leader><controlfield tag="001">oca00082767 </controlfield><controlfield tag="005">20011117072559.0</controlfield><controlfield tag="008">800930n| acannaabn          |a aaa      </controlfield><datafield ind1=" " ind2=" " tag="010"><subfield code="a">n  50047685 </subfield></datafield><datafield ind1=" " ind2=" " tag="040"><subfield code="a">DLC</subfield><subfield code="b">eng</subfield><subfield code="c">DLC</subfield><subfield code="d">ICU</subfield><subfield code="d">DCU-IA</subfield><subfield code="d">Uk</subfield><subfield code="d">DLC</subfield><subfield code="d">OCoLC</subfield></datafield><datafield ind1=" " ind2="0" tag="053"><subfield code="a">PA6563-6566</subfield></datafield><datafield ind1="0" ind2=" " tag="100"><subfield code="a">Phaedrus</subfield></datafield><datafield ind1="0" ind2=" " tag="400"><subfield code="a">Fedr</subfield></datafield><datafield ind1="0" ind2=" " tag="400"><subfield code="a">Fedro</subfield></datafield><datafield ind1="0" ind2=" " tag="400"><subfield code="a">Phedro</subfield></datafield><datafield ind1="0" ind2=" " tag="400"><subfield code="a">Phaeder</subfield></datafield><datafield ind1="0" ind2=" " tag="400"><subfield code="a">Caius Julius Phaedrus</subfield></datafield><datafield ind1="1" ind2=" " tag="400"><subfield code="a">Fedro, Caio JuÌ&#x81;lio</subfield></datafield><datafield ind1=" " ind2=" " tag="670"><subfield code="a">FaÌ&#x81;bulas de Phedro, 1884 [published in Rio de Janeiro, Brazil]</subfield></datafield><datafield ind1=" " ind2=" " tag="670"><subfield code="a">Grande encic. Delta Larousse, c1977 :</subfield><subfield code="b">(hdg.: Fedro, Caio JuÌ&#x81;lio; Latin name Caius Julius Phaedrus or Phaeder; b. into slavery in 15 B.C. in Macedonia and d. 50 A.D.; became a freedman in the household of Emperor Augustus Caesar; Latin fabulist)</subfield></datafield><datafield ind1=" " ind2=" " tag="670"><subfield code="a">New encycl. Brit., 15th ed., c1995 :</subfield><subfield code="b">v. 9, p. 351 (hdg.: Phaedrus; b. ca. 15 B.C. in Thrace; d. ca. 50 A.D., Italy; first writer to Latinize whole books of fables; rendered into Latin iambic verse the Greek prose fables then attributed to Aesop)</subfield></datafield></record>